@Article{ho12,
  author = 	 {Minhhuy H\^{o} and Julio Manuel Hern\'andez-P\'erez},
  title = 	 {Evaluation of Gaussian Molecular Integrals I. Overlap Integrals},
  journal = 	 {The Mathematica Journal},
  year = 	 2012,
  volume = 	 14}

